@string{dao = "Dyn. Atmos. Ocean."}
@string{dsr = "Deep Sea Res."}
@string{gafd = "Geophys. Astrophys. Fluid Dyn."}
@string{jas = "J. Atmos. Sci."}
@string{jaot = "J. Atmos. Ocean. Tech."}
@string{jcp = "J. Comp. Phys."}
@string{jgr = "J. Geophys. Res."}
@string{jpo = "J. Phys. Oceanogr."}
@string{mwr = "Mon. Wea. Rev."}
@string{ora = "O'Reilly \& Associates, Inc."}
@string{qjrms = "Quart. J. R. Met. Soc."}
@string{rgsp = "Rev. Geophys. Space Phys."}

@article(Aagaard81,
  author = "K. Aagaard and L.~K. Coachman and E.~C. Carmack",
  title = "On the halocline of the Arctic Ocean",
  year = "1981",
  journal = jgr,
  volume = "28",
  pages = "529--545"          )

@incollection(Aagaard84,
  author = "K. Aagaard",
  title = "The Beaufort Undercurrent", 
  booktitle = "The Alaskan Beaufort Sea: Ecosystems and Environments",
  editor = "P.W. Barnes and D.M. Schell and E. Reimnitz",
  publisher = "Academic Press", 
  address = "Orlando, Florida",
  year = "1984",
  pages = "47-71"             )

@article(Aagaard85,
  author = "K. Aagaard and J.~H. Swift and E.~C. Carmack",
  year = "1985",
  title = "Thermohaline circulation in the Arctic Mediterranean seas",
  journal = jgr,
  volume = "90",
  pages = "4833--4846"                  )

@article(Aagaard89,
  author = "K. Aagaard",
  title = "A synthesis of Arctic Ocean circulation",
  year = "1989",
  journal = " Rapp. P.-V. Reun. Cons. Int. Explor. Mer",
  volume = "188",
  pages = "11--22"          )

@article(Aagaard89b,
  author = "K. Aagaard and E.~C. Carmack",
  year = "1989",
  title = "The role of sea ice and other freshwater in
    the Arctic circulation",
  journal = jgr,
  volume = "94",
  pages = "14,485--14,498"          )

@techreport(Baranov73,
  author = "A.~S. Threshnikov and G.~I. Baranov",
  title = "Water circulation in the Arctic Basin",
  year =  "1973",
  institution = "Israel Program for Scientific Translations Ltd."   )
  
@article(Bjork89,
  author = "G. Bjork",
  title = "A one-dimensional time-dependent model for the vertical
    stratification of the upper Arctic Ocean",
  year =  "1989",
  journal = jpo,
  volume = "19",
  pages = "52--67"                )

@article(Bjork92,
  author = "G. Bjork",
  title = "On the response of the equilibrium thickness distribution of 
    sea ice to ice export, mechanical deformation, and thermal forcing
    with application to the Arctic ocean",
  year = "1992",
  journal = jgr,
  volume = "97",
  pages = "11,287--11,298"          )

@article(Bourke87,
  author = "R.~H. Bourke and R.~P. Garrett",
  year = "1987",
  title = "Sea ice thickness distribution in the Arctic Ocean",
  journal = "Cold Reg. Sci. Tech.",
  volume = "13",
  pages = "259--280"              )

@article(Brasseur91,
  author = "P.~B. Brasseur",
  title = "A variational inverse method for the reconstruction of
    general circulation fields in the northern Bering Sea",
  year = "1991",
  journal = jgr,
  volume = "96",
  pages = "4891--4907"                )

@article(Campbell87,
  author = "W.~J. Campbell and J.~P. Gloersen and E.~G. Josberger
    and O.~M. Johannessen and P.~S. Guest and N.~M. Mognard and
    R. Shuchman and B.~A. Burns and N. Lannelongue and K.~L. Davidson",
  title = "Variations of mesoscale and large-scale sea ice morphology
    in the 1984 Marginal Ice Zone Experiment as observed by microwave
    remote sensing",
  year =  "1987",
  journal = jgr,
  volume = "92",
  pages = "6805-6824"                )

@article(Coachman66,
  author = "L.~K. Coachman and K. Aagaard", 
  year = "1966",
  title = "On the Water Exchange through Bering Strait",
  journal = "Limnology and Oceanography",
  volume = "11",
  pages = "44-59"              )

@book(Coachman75,
  author = "L.~K. Coachman and K. Aagaard and R.B. Tripp",
  year = "1975",
  title = "Bering Strait:  The Regional Physical Oceanography",
  publisher = "University of Washington Press",
  address = "Seattle"           )

@article(Coachman88,
  author = "L.~K. Coachman and K. Aagaard",
  year = "1988",
  title = "Transports through Bering Strait: annual and interannual
    variability",
  journal = jgr,
  volume = "93",
  pages = "15,535--15,539"              )

@article(Colony84,
  author = "R. Colony and A.~S. Thorndike", 
  title = "An estimate of the mean field of ice motion",
  journal = jgr,
  year = "1984",
  volume = "89",
  pages = "10,623-10,626"         )

@techreport(Colony89,
  author = "R. Colony and I. Rigor",
  title = "Arctic ocean buoy program data report for 1 
    January 1990-31 December 1990",
  number = "APL-UW TM 10-91",
  institution = "Appl. Phys. Lab., Univ. of Wash., Seattle",
  month = "May",
  year = "1991"                )

@article(Dickson88,
  author = "R.~R. Dickson and J. Meincke and S.-A. Malmberg and
    A.~J. Lee",
  title = "The great ``Salinity Anomaly'' in the northern North
    Atlantic, 1968-1982",
  year =  "1988",
  journal = "Prog. Oceanogr.",
  volume = "20",
  pages = "103-151"                )

@article(Dickson94,
  author = "R.~R. Dickson and J. Brown",
  year = "1994",
  title = "The production of North Atlantic Deep
    Water: Sources, rates and pathways",
  journal = jgr,
  volume = "99",
  pages = "12319--12341"                         )

@article(Ebert93,
   author = "E. E. Ebert and J. A. Curry",
   title = "An intermediate one-dimensional thermodynamic sea ice model
       for investigating ice-atmosphere interactions",
   year = "1993",
   journal = jgr,
   volume = "98",
   pages = "10085--10109"         )

@article{fh,
   author = "G. M. Flato and {W. D. Hibler III}",
   year = "1992",
   title = "Modeling pack ice as a cavitating fluid",
   journal = jpo,
   volume = "22",
   pages = "626--651",
}

@techreport(Fleming89,
  author = "G.~H. Fleming",
  title = "Development of a large-scale coupled sea-ice model for
    interannual simulations of ice cover in the Arctic",
  year =  "1989",
  institution = "Naval Postgraduate School",
  address = "Monterey, California",
  number = "NDS-68-89-009"                )

@article(Fleming91,
  author = "G.~H. Fleming and Semtner, Jr., A. J.",
  title = "A numerical study of interannual ocean forcing on Arctic
    ice",
  year =  "1991",
  journal = jgr,
  volume = "96",
  pages = "4589--4603"                )

@article(Francis00,
  author = "J.~A. Francis and A. Schweiger",
  year = "2000",
  title = "A new window opens on the Arctic",
  journal = "Trans. Amer. Geophys. Un.",
  volume = "81",
  pages = "77--83"                    )

@article(Gray95,
  author = "J.~M.~N.~T. Gray and P.~D. Killworth",
  title = "Stability of the viscous-plastic sea ice rheology",
  year = "1995",
  journal = jpo,
  volume = "25",
  pages = "971--978"               )

@article(Gray96,
  author = "J.~M.~N.~T. Gray and P.~D. Killworth",
  title = "Sea ice ridging schemes",
  year = "1996",
  journal = jpo,
  volume = "26",
  pages = "2420--2428"               )
  
@article(Hakkinen93,
  author = "S. Hakkinen",
  year = "1993",
  title = "An Arctic source for the great salinity anomaly: a 
    simulation of the Arctic ice-ocean system for 1955-1975",
  journal = jgr,
  volume = "98",
  pages = "16,397--16,410"                   )

@article(Hakkinen92,
  author = "S. Hakkinen and G. Mellor",
  year = "1992",
  title = "Modeling the seasonal variability of a coupled Arctic
    ice-ocean system",
  journal = jgr,
  volume = "97",
  pages = "20,285--20,304"                   )

@article(Hibler79,
  author = "Hibler, III, W.~D.",
  title = "A dynamic thermodynamic sea ice model",
  journal = jpo,
  volume = "9",
  pages = "815--846",
  year = "1979"                    )

@article(HB,
  author = "Hibler, III, W.~D. and K. Bryan",
  title = "A diagnostic ice-ocean model",
  journal = jpo,
  pages = "987--1015",
  year = "1987",
  volume = "17"           )

@techreport(HiblerDoc,
  author = "Hibler, III, W.~D.",
  title = "Documentation for a two-level dynamic thermodynamic sea
    ice model",
  address = "Hanover, NH",
  year = "1980",
  institution = "USACRREL",
  note = "Special Report 80-8"           )

@article(Hibler80,
  author = "Hibler, III, W.~D.",
  title = "Modeling a Variable Thickness Sea Ice Cover",
  year = "1980",
  journal = mwr,
  pages = "1943--1973",
  volume = "108"          )

@article(Hunke97,
  author = "E. C. Hunke and J. K. Dukowicz",
  title = "An elastic-viscous-plastic model for sea ice dynamics",
  year = "1997",
  journal = jpo,
  pages = "1849--1868",
  volume = "27"          )

@article(Hunke_2001,
  author = "E. C. Hunke",
  title = "Viscous-plastic sea ice dynamics with the EVP model:
     linearization issues",
  year = "2001",
  journal = jcp,
  pages = "18--38",
  volume = "170"          )

@article(Kantha89,
  author = "L. Kantha and G.~L. Mellor",
  title = "A two-dimensional coupled ice-ocean model of the Bering
    Sea marginal ice zone",
  year =  "1989",
  journal = jgr,
  volume = "94",
  pages = "10921--10935"                )

@article{Kozo86,
   author = "T.~L. Kozo and R.~Q. Robe",
   title = "Modeling winds and open-water buoy drift along the
      eastern Beaufort Sea coast, including the effects of the
      Brooks Range",
   year = "1986",
   journal = jgr,
   volume = "91",
   pages = "13011--13032"      }

@article(Lemke84,
  author = "P. Lemke and T.~O. Manley",
  title = "The seasonal variation of the mixed layer and the
    pycnocline under polar sea ice",
  year =  "1984",
  journal = jgr,
  volume = "89",
  pages = "6494--6504"                )

@article(Lemke87,
  author = "P. Lemke",
  title = "A coupled one-dimensional sea ice-ocean model",
  year =  "1987",
  journal = jgr,
  volume = "92",
  pages = "13,164--13,172"                )

@inproceedings{Lynch95,
   author = "A. H. Lynch and W. L. Chapman and J. E. Walsh and
      G. Weller",
   title = "Development of a regional climate model of the Western
      Arctic",
   year = "1995",
   pages = "144--149",
   booktitle = "Fourth Conference on Polar Meteorology and
      Oceanography",
   organization = "Am. Meteor. Soc."     }

@article{Maykut71,
   author = "G. A. Maykut and N. Untersteiner",
   title = "Some results from a time-dependent thermodynamic model of
      sea ice",
   year = "1971",
   journal = jgr,
   volume = "76",
   pages = "1550--1575"      }

@article(Mellor89,
  author = "G.~L. Mellor and L. Kantha",
  year = "1989",
  title = "An ice-ocean coupled model",
  journal = jgr,
  volume = "94",
  pages = "10,937--10,954"               )

@article{Omstedt92,
   author = "A. Omstedt and J. S. Wettlaufer",
   title = "Ice growth and oceanic heat flux: models and measurements",
   journal = jgr,
   year = "1992",
   volume = "97",
   pages = "9383--9390"        }

@article(Overland87,
  author = "J.~E. Overland and A.T. Roach",
  year = "1987",
  title = "Northward flow in the Bering and Chukchi seas",
  journal = jgr,
  volume = "92",
  pages = "7097--7105"            )

@article(Parkinson,
  author = "C.~L. Parkinson and W.~M. Washington",
  title = "A large-scale numerical model of sea ice",
  year = "1979",
  volume = "84",
  journal = jgr,
  pages = "6565--6575"            )

@article(Parkinson91,
  author = "C.~L. Parkinson",
  title = "Interannual variability of the spatial distribution of
    sea ice in the North Polar region",
  year =  "1991",
  journal = jgr,
  volume = "96",
  pages = "4791--4801"                )

@article(Piacsek91,
  author = "S. Piacsek and R. Allard and A. Warn-Varnas",
  title = "Studies of the Arctic ice cover and upper ocean with a
    coupled ice-ocean model",
  journal = jgr,
  year = "1991",
  pages = "4631--4650",
  volume = "96"               )

@article(Pollard83,
  author = "D.~M. Pollard and L. Batteen and Y.-J., Han",
  title = "Development of a simple upper-ocean and sea ice model",
  year =  "1983",
  journal = jgr,
  volume = "13",
  pages = "754-768"      )

@article{Reed93,
   author = "R. K. Reed and G. V. Khen and P. J. Stabeno and A. V.
      Verkhunov",
   title = "Water properties and flow over the deep Bering Sea
      basin, summer 1991",
   year = "1993",
   journal = dsr,
   volume = "40",
   pages = "2325--2334"          }

@techreport(Roed2004,
  author = "L.~P. R\oed and J. Debernard",
  title = "Description of an integrated flux and sea-ice model
  suitable for coupling to an ocean and atmosphere model",
  year =  "2004",
  number = "4",
  note = "met.no",
  institution = "Norwegian Meteorological Institute"   )
  
@article(Semtner76a,
  author = "Semtner, Jr., A. J.",
  title = "A model for the thermodynamic growth of sea ice in
    numerical investigations of climate",
  year =  "1976",
  journal = jpo,
  volume = "6",
  pages = "379--389"                )

@article(Semtner76b,
  author = "Semtner, Jr., A.~J.",
  title = "Numerical simulation of the Arctic Ocean circulation",
  year =  "1976",
  journal = jpo,
  volume = "6",
  pages = "409--425"                 )

@article(Semtner87,
  author = "Semtner, Jr., A.~J.",
  title = "A numerical study of sea ice and ocean circulation in the
    Arctic",
  year =  "1987",
  journal = jpo,
  volume = "17",
  pages = "1077--1099"                )

@article(Spaulding87,
  author = "M. Spaulding and T. Isaji and D. Mendelsohn and A.~C.
    Turner",
  year = "1987",
  title = "Numerical simulation of wind driven flow through the
    Bering Strait",
  journal = jpo,
  volume = "17",
  pages = "1799--1816"               )

@article{Steele89,
   author = "M. Steele and G. L. Mellor and M. G. McPhee",
   title = "Role of the molecular sublayer in the melting or freezing
      of sea ice",
   journal = jpo,
   year = "1989",
   volume = "19",
   pages = "139--147"        }

@article(Thorndike,
  author = "A.~S. Thorndike and D.~A. Rothrock and G.~A. Maykut and
    R. Colony",
  title = "The thickness distribution of sea ice",
  journal = jgr,
  year = "1975",
  volume = "80",
  number = "33",
  pages = "4501--4513"         )

@article(Walsh79,
  author = "J.~E. Walsh and C.~M. Johnson",
  title = "An analysis of Arctic sea ice fluctuations",
  year =  "1979",
  journal = jpo,
  volume = "9",
  pages = "580--591"                )

@article(Walsh85,
  author = "J.~E. Walsh and Hibler, III, W.~D. and B. Ross",
  year = "1985",
  title = "Numerical simulation of Northern Hemisphere sea ice
     variability, 1951-1980",
  journal = jgr,
  volume = "90", 
  pages = "4847--4865"             )

