@string{arsc = "Arctic Region Supercomputing Center"}
@string{csr = "Cont. Shelf Res."}
@string{dao = "Dyn. Atmos. Ocean."}
@string{dsr = "Deep Sea Res."}
@string{dsr2 = "Deep Sea Res. II"}
@string{gafd = "Geophys. Astrophys. Fluid Dyn."}
@string{gbc = "Global Biogeochem. Cycles"}
@string{grl = "Geophys. Res. Lett."}
@string{ijnmf = "Int. J. Num. Meth. Fluids"}
@string{imcs = "Institute of Marine and Coastal Sciences"}
@string{jas = "J. Atmos. Sci."}
@string{jam = "J. Appl. Meteor."}
@string{jaot = "J. Atmos. Ocean. Tech."}
@string{jcp = "J. Comp. Phys."}
@string{jgr = "J. Geophys. Res."}
@string{jmr = "J. Marine Res."}
@string{jpo = "J. Phys. Oceanogr."}
@string{mwr = "Mon. Wea. Rev."}
@string{om = "Ocean Modelling"}
@string{ora = "O'Reilly \& Associates, Inc."}
@string{po = "Prog. in Oceanogr."}
@string{qjrms = "Quart. J. R. Met. Soc."}
@string{rgsp = "Rev. Geophys. Space Phys."}

@book(AS,
  author = "M. Abramowitz and I. A. Stegun",
  title= "Handbook of Mathematical Functions",
  publisher = "National Bureau of Standards",
  series = "Applied Mathematics Series",
  number = "55",
  year = "1972"        )

@inproceedings(MUD2,
  author = "J. Adams",
  title = "FMG results with the multigrid software package MUDPACK",
  booktitle = "Proceedings of the Fourth Copper Mountain Conference
  on Multigrid",
  organization = "SIAM",
  year = "1989",
  pages = "1-12"      )

@manual(MUD,
  author = "J. Adams",
  title = "MUDPACK: multigrid software for linear elliptic partial
      differential equations, version 3.0",
  organization = "National Center for Atmospheric Research",
  address = "Boulder, Colorado",
  month = "March",
  note = "Scientific Computing Division User Doc",
  year = "1991"            )

@article(JAdams,
  author = "J.~R. Adams and R. Garcia and B. Gross and J. Hack and
    D. Haidvogel and V. Pizzo",
  title = "Applications of multigrid software in the atmospheric
    sciences",
  journal = mwr,
  year = "1992",
  volume = "120",
  pages = "1447--1458"      )

@article(Adcroft98,
  author = "A. Adcroft and D. Marshall",
  year = "1998",
  title = "How slippery are piecewise-constant
     coastlines in numerical ocean models?",
  journal = "Tellus",
  volume = "50",
  pages = "95--108"            )

@article(Allen95,
  author = "J.~S. Allen and P.~A. Newberger and J. Federiuk",
  title = "Upwelling circulation on the Oregon continental shelf. Part
     I: Response to Idealized Forcing",
  year = "1995",
  journal = jpo,
  volume = "25",
  pages = "1843--1866"    )

@article(Allen00,
  author = "S.~E. Allen and M.~S. Dinniman and J.~M. Klinck and
    D.~D. Gorby and A.~J. Hewett and J. She",
  title = "Circulation over a steep-sided submarine canyon: a
    comparison of numerical and laboratory physical models",
  year = "2000",
  note = "in preparation"       )

@inbook(AL,
  author = "A. Arakawa and V. R. Lamb",
  title = "Methods of computational physics",
  pages = "174--265",
  volume = "17",
  publisher = "Academic Press",
  year = "1977"               )

@book(Aris,
  author = "R. Aris",
  title = "Vectors, tensors and the basic equations of fluid
     mechanics",
  publisher = "Prentice-Hall",
  address = "Englewood Cliffs, NJ",
  year = "1962"      )

@article(Barnes,
   author = "S. Barnes",
   year = "1964",
   title = "A technique for maximizing details in numerical map
      analysis",
   journal = "J. of Appl. Meteor.",
   volume = "3",
   pages = "395--409"     )

@article(Barton1,
  author = "J.~J. Barton and L.~R. Nackman",
  year = "1996",
  title = "While (Converting to C++) Use Iterators;",
  journal = "C++ Report",
  pages = "77--87",
  volume = "8",
  number = "6"     )

@article(Barton2,
  author = "J.~J. Barton and L.~R. Nackman",
  year = "1996",
  title = "Is this standard input?",
  journal = "C++ Report",
  pages = "66--69",
  volume = "8",
  number = "9"     )

@article(Barton3,
  author = "J.~J. Barton and L.~R. Nackman",
  year = "1997",
  title = "Generating and transforming",
  journal = "C++ Report",
  pages = "62--64",
  volume = "9",
  number = "2"     )

@book(Batchelor,
  author = "G. K. Batchelor",
  title = "An introduction to fluid dynamics",
  publisher = "Cambridge University Press",
  year = "1967"      )

@article(Beamer_2016,
  author = "J.~P. Beamer and D.~F. Hill and A. Arendt and
    G.~ E. Liston",
  year = "2016",
  title = "High-resolution modeling of coastal freshwater
     discharge and glacier mass balance in the Gulf of Alaska watershed",
  journal = "Water Resour. Res.",
  volume = "52",
  pages = "3888-â€“3909",
  doi = "10.1002/2015WR018457"     )

@article(BH96a,
  author = "A. Beckmann and D.B. Haidvogel",
  year = "1996",
  title = "Numerical modeling
        of the coastal ocean",
  journal = "The Sea",
  note = "submitted for publication"           )

@article(Beckmann97,
  author = "A. Beckmann and D.B. Haidvogel",
  year = "1997",
  title = "A numerical simulation of flow at Fieberling Guyot",
  journal = jgr,
  volume = "102",
  pages = "5595--5613"                 )

@article(BH93,
  author = "A. Beckmann and D. B. Haidvogel",
  title = "Numerical simulation of flow around a tall, isolated
    seamount.  Part I: Problem formulation and model accuracy",
  journal = jpo,
  year = "1993",
  volume = "23",
  pages = "1736--1753"  )

@book(Bennett92,
   author = "A. F. Bennett",
   title = "Inverse methods in physical oceanography",
   year = "1992",
   publisher = "Cambridge University Press"    )

@article(BR92,
  author = "R. Bleck and C. Rooth and D. Hu and L. Smith",
  year = "1992",
  title = "Salinity-driven thermocline transients in a wind- and
       thermohaline-forced isopycnic coordinate model of the
       North Atlantic",
  journal = jpo,
  volume = "22",
  pages = "1486--1505"    )

@incollection(Blumberg87,
  author = "A.~F. Blumberg and G.~L. Mellor",
  title = "A description of a three-dimensional coastal ocean
    circulation model",
  year = "1987",
  editor = "N. Heaps",
  booktitle = "Three-Dimensional Coastal Ocean Models",
  publisher = "American Geophysical Union",
  address = "Washington, D.C."           )

@article(Boyd80,
  author = "J.~P. Boyd",
  year = "1980",
  title = "Equatorial solitary waves. Part I: Rossby Solitons",
  journal = jpo,
  volume = "10",
  pages = "1699--1717"            )

@article(Boyd85,
  author = "J.~P. Boyd",
  year = "1985",
  title = "Equatorial solitary waves. Part 3: Westward-traveling
    modons",
  journal = jpo,
  volume = "15",
  pages = "46--54"                 )

@article(Brasseur91,
  author = "P.~B. Brasseur",
  title = "A variational inverse method for the reconstruction of
    general circulation fields in the northern Bering Sea",
  year = "1991",
  journal = jgr,
  volume = "96",
  pages = "4891--4907"                )

@article(Bretherton76,
   author = "F. P. Bretherton and R. E. Davis and C. B. Fandry",
   title = "A technique for objective analysis and design of
      oceanographic experiments applied to MODE-73",
   year = "1976",
   journal = dsr,
   volume = "23",
   pages = "559--582"         )

@article(B89,
  author = "K.H. Brink",
  year = "1989",
  title = "The effect of stratification on seamount--trapped
      waves",
  journal = dsr,
  volume = "36",
  pages = "825--844"        )

@article(B95,
  author = "K.H. Brink",
  year = "1995",
  title = "Tidal and lower frequency currents above Fieberling
      Guyot",
  journal = jgr,
  volume = "100",
  pages = "10817--10832"        )

@article(Bryan69,
  author = "K. Bryan",
  year = "1969",
  title = "A numerical method for the study of the circulation
      of the world ocean",
  journal = jcp,
  volume = "4",
  pages = "347--376"       )

@article(Budgell05,
  author = "W.P. Budgell",
  year = "2005",
  title = "Numerical simulation of ice-ocean variability in the
    Barents Sea region: Towards dynamical downscaling",
  journal = "Ocean Dynamics",
  doi = "10.1007/s10236-005-0008-3"       )

@article(Carter87,
   author = "E.~F. Carter and A.~R. Robinson",
   title = "Analysis models for the estimation of oceanic fields",
   year = "1987",
   journal = jaot,
   volume = "4",
   pages = "49--74"         )

@article(Carton_2000a,
   author = "J.~A. Carton and G. Chepurin and X. Cao",
   title = "A simple ocean data assimilation
 analysis of the global upper ocean 1950--1995, part 2: results.",
   year = "2000",
   journal = jpo,
   volume = "30",
   pages = "311--326"         )

@article(Carton_2000b,
   author = "J.~A. Carton and G. Chepurin and X. Cao and B.~S. Giese",
   title = "A simple ocean data assimilation analysis of the global
      upper ocean 1950--1995, part 1: methodology",
   year = "2000",
   journal = jpo,
   volume = "30",
   pages = "294--309"         )

@article(Carton_2005,
   author = "J.~A. Carton and B.~S. Giese and S.~A. Grodsky",
   title = "Sea level rise and the warming of the oceans in the SODA
     ocean reanalysis",
   year = "2005",
   journal = jgr,
   volume = "110",
   doi = "10.1029/2004JC002817"         )

@article(Chai_2002,
   author = "F. Chai and R.~C. Dugdale and T.-H. Peng and F.~P.
     Wilkerson and R.~T. Barber",
   title = "One dimensional ecosystem model of the equatorial
     Pacific upwelling system, Part I: model development and silicon
     and nitrogen cycle",
   year = "2002",
   journal = dsr2,
   volume = "49",
   pages = "2713--2745"         )

@article(Chapman85,
  author = "D.~C. Chapman",
  title = "Numerical treatment of cross-shelf open boundaries in a
    barotropic coastal ocean model",
  journal = jpo,
  year = "1985",
  volume = "15",
  pages = "1060--1075"       )

@article(Chapman92,
  author = "D.~C. Chapman and D.~B. Haidvogel",
  title = "Formation of Taylor caps over a tall isolated seamount in
    a stratified ocean",
  journal = gafd,
  year = "1992",
  volume = "64",
  pages = "31--65"       )

@article(Chapman93,
  author = "D.~C. Chapman and D. B. Haidvogel",
  title = "Generation of internal lee waves over a tall isolated
    seamount",
  journal = gafd,
  year = "1993",
  volume = "69",
  pages = "33--54"            )

@article(DAMEE_2,
  author = "E.~P. Chassignet and H. Arango and D. Dietrich and T. Ezer
    and M. Ghil and D.~B. Haidvogel and C.-C. Ma and A. Mehra and
    A.~M. Paiva and Z. Sirkes",
  title = "DAMEE-NAB: The Base Experiments",
  year = "2000",
  journal = dao,
  note = "submitted"    )

@book(SVN,
  author = "Ben Collins-Sussman and Brian W.~Fitzpatrick and
      C.~Michael Pilato",
  title = "Version Control with Subversion",
  year = "2008",
  publisher = ora,
  edition = "second",
  note = "http://svnbook.red-bean.com/",
  address = "Sebastopol, CA"         )

@article(Coyle_2008,
  author = "k.~P. Coyle and H. Arango and D. Dietrich and T. Ezer
    and M. Ghil and D.~B. Haidvogel and C.-C. Ma and A. Mehra and
    A.~M. Paiva and Z. Sirkes",
  title = "DAMEE-NAB: The Base Experiments",
  year = "2000",
  journal = dao,
  note = "submitted"    )

@techreport(Cox84,
  author = "M.D. Cox",
  year = "1984",
  title = "A primitive equation three-dimensional model of the
ocean",
  number = "1",
  institution = "GFDL Ocean Group, Princeton University",
  note = "250pp."     )

@phdthesis{EC99,
        AUTHOR={Enrique Curchitser},
        TITLE={On the transient adjustment of a mid-latitude abyssal
                  ocean basin with realistic geometry and bathymetry },
        SCHOOL={Rutgers University},
        YEAR={1999},
        address={New Brunswick, NJ},
        month={October},
        note={},
}

@article{Curchitser_98,
  AUTHOR  = {E. N. Curchitser and M. Iskandarani and D. B. Haidvogel},
  TITLE   = {A spectral element solution of the shallow water
             equations on multiprocessor computers},
  JOURNAL = {Journal of Atmospheric and Oceanographic Technology},
  YEAR    = {1998},
  VOLUME  = {15},
  NUMBER  = {2},
  PAGES   = {510--521}
}

@article{Curchits_99,
  AUTHOR  = {E. N. Curchitser and D.B. Haidvogel and M. Iskandarani},
  TITLE   = {On the Transient Adjustment of a Mid-Latitude Abyssal
             Ocean Basin with Realistic Geometry:  The Constant Depth
             Limit},
  JOURNAL = {Dynamics of Atmosphere and Oceans},
  YEAR    = {1999},
  NOTE  = {In press},
}

@article{Curchits_99b,
  AUTHOR  = {E. N. Curchitser and D.B. Haidvogel and M. Iskandarani},
  TITLE   = {On the transient adjustment of a mid-latitude abyssal
             ocean basin with realistic geometry and bathymetry}, 
  JOURNAL = {JPO},
  YEAR    = {1999},
  NOTE    = {in preparation}
}

@book(CR94,
  author = "B. Cushman-Roisin",
  year = "1994",
  title = "Introduction to Geophysical
       Fluid Dynamics",
  publisher = "Prentice Hall",
  address = "Englewood Cliffs, NJ, USA",
  note = "320 pp."     )

@article(Dai_2009,
  author = "A. Dai and T. Qian and K. E. Trenberth and J. D Milliman",
  title = "Changes in continental freshwater discharge from 1948--2004",
  journal = "J. CLimate",
  volume = "22",
  year = "2009",
  pages = "2773--2791",
  doi = "10.1175/2008JCLI2592.1" )

@inbook(Daley91,
   author = "R. Daley",
   title = "Atmospheric data analysis",
   year = "1991",
   chapter = "5",
   publisher = "Cambridge University Press"    )


@article(Danielson_2012,
  author = "S. Danielson and K. Hedstrom and K. Aagaard and T.
    Weingartner and E. Curchitser",
  title = "Wind-induced reorganization of the Bering shelf circulation",
  journal = grl,
  volume = "39(L08601)",
  year = "2012",
  doi = "10.1029/2012GL051231"    )

@article(Danielson_2015,
  author = "S.~L. Danielson and E.~L. Dobbins and M. Jakobsson and M.~A. Johnson and T.~J.
    Weingartner and W.~J. Williams and Y. Zarayskaya",
  year = "2015",
  title = "Sounding the northern seas",
  volume = "96",
  doi = "10.1029/2015EO040975",
  journal = "Eos",
  note = "Published on 29 December 2015")

@article(Dinniman_2000,
  author = "M.~S. Dinniman and J.M. Klinck",
  title = "A numerical simulation of flow near a submarine canyon:
    open versus periodic alongshore boundary conditions",
  year = "2000",
  note = "in preparation"  )

@book(Dowd93,
  author = "K. Dowd",
  title = "High Performance Computing",
  year = "1993",
  publisher = ora,
  address = "Sebastopol, CA"         )

@book(IMAKE,
  author = "P. DuBois",
  title = "Software Portability with imake",
  publisher = ora,
  address = "Sebastopol, CA",
  year = "1993"       )

@article(Eby94,
  author = "M. Eby and G. Holloway",
  title = "Sensitivity of a large scale ocean model to a
    parameterization of topographic stress",
  journal = jpo,
  year = "1994",
  volume = "24",
  pages = "2577--2588"  )

@article(Egbert_2002,
  author = "G.~D. Egbert and S.~Y. Erofeeva",
  title = "Efficient inverse modeling of barotropic ocean tides",
  journal = jaot,
  year = "2002",
  volume = "19",
  pages = "183--204",
  doi = "10.1175/1520-0426(2002)019<0183:EIMOBO>2.0.CO;2"  )

@article(Eicken_2009,
   author = "H. Eicken and L. Shapiro and A. G. Gaylord and A.
     Mahoney and P. W. Cotter",
  year = "2009",
  title = "Recurring spring leads and landfast ice in the Beaufort and
        Chukchi Seas, 1993-2004",
  address = "Boulder, Colorado USA: National Snow and Ice Data Center",
  note = "Digital media"   )

@article(Fairall96,
   author = "C.~W. Fairall and E.~F. Bradley and D.~P. Rogers and
      J.~B. Edson and G.~S. Young",
   year = "1996",
   title = "Bulk parameterization of air-sea fluxes for
     Tropical Ocean-Global Atmosphere Couple-Ocean Atmosphere Response
     Experiment",
   journal = jgr,
   pages = "3747-3764"      )

@article(Fairall_2003,
   author = "C.~W. Fairall and E.~F. Bradley and J.~E. Hare and
      A.~A. Grachev and J.~B. Edson",
   year = "2003",
   title = "Bulk parameterization of air-sea fluxes: Updates and
   verification for the COARE algorithm",
   journal = "J. Climate",
   volume = "16",
   pages = "571-591"      )

@incollection(Fedorov88,
   author = "K.~N. Fedorov",
   title = "Layer thicknesses and effective diffusivities in the
     diffusive thermocline convection in the ocean",
   booktitle = "Small-scale turbulence and mixing in the ocean",
   year = "1988",
   publisher = "Elsevier",
   pages = "471--479",
   editor = "J.~C.~J. Nihoul and B.~M. Jamart",
   address = "New York"         )

@article(Fennel_2006,
  author = "K. Fennel and J. Wilkin and J. Levin and J. Moisan and
    J. O'Reilly and D. Haidvogel",
  title = "Nitrogen cycling in the Mid Atlantic
      Bight and implications for the North Atlantic nitrogen
      budget: Results from a three-dimensional model",
  journal = gbc,
  year = "2006",
  volume = "20",
  doi = "10.1029/2005GB002456"             )

@article(Flather76,
  author = "R.~A. Flather",
  title = "A tidal model of the northwest European continental shelf",
  journal = "Memoires de la Soci\'et\'e Royale de Sciences de Li\`ege",
  year = "1976",
  volume = "6",
  pages = "141--164"         )

@techreport(Foreman_96a,
  author = "M.~G.~G. Foreman",
  title = "Manual for tidal heights analysis and prediction",
  year = "1996",
  institution = "Institute of Ocean Sciences",
  address = "Patricia Bay",
  number = "77-10",
  note = "Pacific Marine Science Report"             )

@techreport(Foreman_96b,
  author = "M.~G.~G. Foreman",
  title = "Manual for tidal currents analysis and prediction",
  year = "1996",
  institution = "Institute of Ocean Sciences",
  address = "Patricia Bay",
  number = "77-10",
  note = "Pacific Marine Science Report"             )

@article(Franks_86,
  author = "P.~J.~S. Franks and J.~S. Wroblewski and G.~R. Flierl",
  title = "Behavior of a simple plankton model with food-level
  acclimation by herbivores",
  journal = "Mar. Biol.",
  volume = "91",
  year = "1986",
  pages = "121--129"             )

@article(FHD,
  author = "N. G. Freeman and A. M. Hale and M. B. Danard",
  title = "A modified sigma equations' approach to the numerical
  modeling of great lake hydrodynamics",
  journal = jgr,
  volume = "77",
  number = "6",
  year = "1972",
  pages = "1050--1060"             )

@article(IFukumori92,
  author = "I. Fukumori and J. Benveniste, C. Wunsch and D.B.
    Haidvogel",
  title = "Assimilation of sea surface topography into an ocean
    circulation model using a steady-state smoother",
  journal = jpo,
  year = "1992",
  note = "submitted"           )

@article(Fukumori95,
   author = "I. Fukumori and P. Malanotte-Rizzoli",
   title = "An approximate Kalman filter for ocean data assimilation:
     an example with an idealized Gulf Stream model",
   journal = jgr,
   volume = "100",
   year = "1995",
   pages = "6777--6793"    )

@book(Gandin63,
   author = "L. S. Gandin",
   title = "The objective analysis of meteorological fields",
   publisher = "Hydrometeorological Publishing House",
   address = "Leningrad",
   year = "1963",
   note = "English translation: Israel Program for Scientific
     Translations, Jerusalem, 1965"    )

@article(Galperin88,
   author = "B. Galperin and L. H. Kantha and S. Hassid and A. Rosati",
   title = "A quasi-equilibrium  turbulent  energy model for
      geophysical flows",
   journal = jas,
   year = "1988",
   volume = "45",
   pages = "55--62"           )

@article(Gawark95,
  author = "G.~G. Gawarkiewicz and D.~C. Chapman",
  title = "A numerical study of dense water formation and transport on
     a shallow, sloping continental shelf",
  journal = jgr,
  volume = "100",
  year = "1995",
  pages = "4489--4507"         )

@article(Gent90,
   author = "P.~R. Gent and J.~C. McWilliams",
   title = "Isopycnal mixing in ocean circulation models",
   year = "1990",
   journal = jpo,
   volume = "20",
   pages = "150--155"    )

@article(Gent95,
   author = "P.~R. Gent and J. Villebrand and T.~J. McDougall and J.~C.
     McWilliams",
   title = "Parameterizing eddy-induced tracer transports in ocean
     circulation models",
   year = "1995",
   journal = jpo,
   volume = "25",
   pages = "463--474"       )

@article(Geyer89,
   author = "W.~R. Geyer and D.M. Farmer",
   year = "1989",
   title = "Tide-induced variation of the  
       dynamics of a salt wedge estuary",
   journal = jpo,
   volume = "19",
   pages = "1060--1072"              )

@book(Gill82,
   author = "A. E. Gill",
   title = "Atmosphere-ocean dynamics",
   year = "1982",
   publisher = "Academic Press",
   address = "New York, NY"    )

@article{Giorgi93a,
   author = "F. Giorgi and M. R. Marinucci and G. T. Bates",
   title = "Development of a second generation regional climate
      model (RegCM2).  Part I: boundary layer and radiative transfer
      processes",
   year = "1993",
   volume = "121",
   journal = mwr,
   pages = "2794--2813"        }

@article{Giorgi93b,
   author = "F. Giorgi and M. R. Marinucci and G. T. Bates and G. de
      Canio",
   title = "Development of a second generation regional climate
      model (RegCM2).  Part II: convective processes and
      assimilation of lateral boundary conditions",
   year = "1993",
   volume = "121",
   journal = mwr,
   pages = "2814--2832"        }

@article{Griffies_98,
   author = "S.M. Griffies and A. Gnanadesikan and R.C. Pacanowski
       and V. Larichev and J.K. Dukowicz and R.D. Smith",
   title = "Isoneutral diffusion in a z-coordinate ocean model",
   year = "1998",
   journal = jpo,
   pages = "805--830",
   volume = "28"      }

@article{Griffies_2000,
   author = "S.M. Griffies and R.W. Hallberg",
   title = "Biharmonic friction with a Smagorinsky-like viscosity
     for use in large-scale eddy-permitting ocean models",
   year = "2000",
   journal = mwr,
   pages = "2935--2946",
   volume = "128"      }

@article{H+B86,
   author = "D. B. Haidvogel and K. H. Brink",
   title = "Mean currents driven by topographic drag over the
      continental shelf and slope",
   year = "1986",
   journal = jpo,
   pages = "2159--2171",
   volume = "16"      }

@article(HB97,
  author = "D.~B. Haidvogel and A. Beckmann",
  title = "Numerical Models of the Coastal Ocean",
  year = "1998",
  journal = "The Sea",
  volume = "10",
  editor = "K.~H. Brink and A.~R. Robinson",
  pages = "457--482"          )

@article(Haidvogel92,
  author = "D.~B. Haidvogel and J. C. McWilliams and P. R. Gent",
  title = "Boundary current separation in a quasigeostrophic,
    eddy-resolving ocean circulation model",
  year = "1992",
  journal = jpo,
  volume = "22",
  pages = "882--902"              )

@article{Haidvogel_97,
  author  = {D.~B. Haidvogel and Enrique Curchitser and
             M. Iskandarani and R. Hughes and M. Taylor},
  title   = {Global modeling of the ocean
             and atmosphere using the spectral element method},
  year    = {1997},
  journal = {Atmosphere-Ocean},
  volume  = {35},
  pages   = {505--531}
}

@article(HWY,
  author = "D. Haidvogel and J. Wilkin and R. Young",
  title = "A semi-spectral primitive equation ocean circulation
    model using vertical sigma and orthogonal curvilinear horizontal
   coordinates",
  journal = jcp,
  year = "1991",
  volume = "94",
  pages = "151--184"       )

@article(SMT2,
  author = "D. B. Haidvogel and A. Beckmann and D. C. Chapman and
    R.-Q. Lin",
  title = "Numerical simulation of flow around a tall, isolated
    seamount.  Part II: Resonant Generation of Trapped Waves",
  journal = jpo,
  volume = "23",
  year = "1993",
  pages = "2373--2391"          )

@article(DBH,
  author = "D.~B. Haidvogel and A. Beckmann and K.~S. Hedstrom",
  title = "Dynamical Simulations of filament formation and evolution
      in the coastal transition zone",
  year = "1991",
  journal = jgr,
  volume = "96",
  pages = "15017--15040"    )

@article(HB93,
  author = "D. B. Haidvogel and A. Beckmann and D. C. Chapman and
    R.-Q. Lin",
  title = "Numerical simulation of flow around a tall, isolated
    seamount.  Part II: Resonant Generation of Trapped Waves",
  journal = jpo,
  volume = "23",
  year = "1993",
  pages = "2373--2391"          )

@book(Haidvogel99,
  author = "D.~B. Haidvogel and A. Beckmann",
  year = "1999",
  title = "Numerical Ocean Circulation Modeling",
  publisher = "Imperial College Press"               )

@article(DAMEE_1,
  title = "Model Evaluation Experiments in the North Atlantic
    Basin: Simulations in Nonlinear Terrain-Following Coordinates",
  author = "D.~B. Haidvogel and H.~G. Arango and K. Hedstrom
    and A. Beckmann and P. Malanotte-Rizzoli and A.~F. Shchepetkin",
  year = "2000",
  journal = dao,
  volume = "32",
  pages = "239--281"        )

@article(Haidvogel07,
  title = "Ocean forecasting in terrain-following coordinates:
    formulation and skill assessment of the Regional Ocean Modeling
    System",
  author = "D.~B. Haidvogel and H.~G. Arango and W.~P. Budgell and
    B.~D. Cornuelle and E. Curchitser and E. Di Lorenzo and K. Fennel
    and W.~R. Geyer and A.~J. Hermann and L. Lanerolle and J. Levin
    and J.~C. McWilliams and A.~J. Miller and A.~M. Moore and T.~M.
    Powell and A.~F. Shchepetkin and C.~R. Sherwood and R.~P. Signell
    and J.~C. Warner and J. Wilkin",
  year = "2007",
  journal = jcp,
  volume = "227",
  pages = "3429--3430",
  doi = "10.1016/j.jcp.2007.01.016" )

@article(HZ,
  author = "D. B. Haidvogel and T. Zang",
  title = "The accurate solution of poisson's equation by expansion
  in Chebyshev polynomials",
  journal = jcp,
  volume = "30",
  number = "2",
  pages = "167--180",
  year = "1979"                    )

@article(Haney,
  author = "R. L. Haney",
  title = "On the pressure gradient force over steep topography in
  sigma coordinate ocean models",
  year = "1991",
  journal = jpo,
  volume = "21",
  pages = "610--619"   )

@article(Hazard,
  author = "W. P. Hazard",
  title = "Using cpp to aid portability",
  journal = "Computer Language",
  year = "1991",
  pages = "49--54",
  volume = "8",
  number = "11"         )

@techreport(Hedstrom90,
  author = "K. S. Hedstrom",
  title = "User's Manual for a Semi-spectral Primitive Equation
    Regional Ocean-Circulation Model",
  institution = "Institute for Naval Oceanography",
  year = "1990",
  month = "July",
  number = "SR-1"            )

@techreport(Hedstrom93,
  author = "K. S. Hedstrom",
  title = "User's Manual for a Semi-spectral Primitive Equation
    Regional Ocean-Circulation Model Version 3.9",
  institution = imcs,
  address = "New Brunswick, NJ",
  year = "1994",
  month = "March",
  number = "93-23",
  note = "131 pp."            )

@techreport(Hedstrom94a,
  author = "K. S. Hedstrom",
  title = "Technical Manual for a Coupled Sea-Ice/Ocean Circulation
    Model (Version 1)",
  institution = imcs,
  address = "New Brunswick, NJ",
  year = "1994",
  month = "April",
  note = "OCS Study MMS 94-0020"       )

@techreport(Hedstrom94,
  author = "K. S. Hedstrom and D. B. Haidvogel and S. Signorini",
  title = "Model simulations of ocean/sea-ice interaction in
    the Western Arctic in 1983",
  institution = imcs,
  address = "New Brunswick, NJ",
  year = "1995",
  month = "March",
  note = "OCS Study MMS 95-0001"       )

@techreport(Hedstrom2000,
  author = "K. S. Hedstrom",
  title = "Technical Manual for a Coupled Sea-Ice/Ocean Circulation
    Model (Version 2)",
  institution = imcs,
  address = "New Brunswick, NJ",
  year = "2000",
  month = "June",
  note = "OCS Study MMS 2000-047"       )

@techreport(Hedstrom2009,
  author = "K.~S. Hedstrom",
  title = "Technical Manual for a Coupled Sea-Ice/Ocean Circulation
    Model (Version 3)",
  institution = arsc,
  address = "Fairbanks, AK",
  year = "2009",
  note = "OCS Study MMS 2009-062"       )

@techreport(Hedstrom_2013,
  author = "K.~S. Hedstrom",
  title = "Technical Manual for a Coupled Sea-Ice/Ocean Circulation
    Model (Version 4)",
  institution = "Univ. of Alaska Fairbanks",
  address = "Fairbanks, AK",
  year = "2013",
  note = "OCS Study BOEM 2013-202"       )

@incollection(AHermann91,
  author = "A.~J. Hermann and W. B. Owens",
  year = "1991",
  title = "Modeling the geostrophic adjustment and spreading of
    waters formed by deep convection",
  editor = "J. C. Gascard and P. C. Chu",
  booktitle = "Deep Convection and Deep Water Formation",
  publisher = "Elsevier Oceanography Series"    )

@article(AHermann93a,
  author = "A. J. Hermann and H.-M. Hsu",
  title = "A vertical coordinate mapping technique for semi-spectral
    primitive equation models of ocean circulation",
  journal = jaot,
  year = "1993",
  pages = "381--396",
  volume = "10"            )

@article(AHermann93b,
  author = "A. J. Hermann and W. B. Owens",
  title = "Energetics of gravitational adjustment for mesoscale
    chimneys",
  journal = jpo,
  year = "1993",
  pages = "346--371",
  volume = "23"              )

@article(AHermann93c,
  author = "A. J. Hermann",
  title = "An eddy resolving model of wind and buoyancy-forced
    circulation in the western Gulf of Alaska",
  journal = jgr,
  year = "1993",
  note = "submitted"              )

@article(Hermann00,
  title = "A Coupled Global/Regional Circulation Model for Ecosystem
     Studies in the Coastal Gulf of Alaska",
  author = "A.~J. Hermann and D.~B. Haidvogel and E.~ L. Dobbins and
     P.~ J. Stabeno and P.~S. Rand",
  journal = "Progress in Oceanography",
  year = "2000",
  note = "Submitted"    )

@article(AHermann96,
  author = "A. J. Hermann and P. J. Stabeno",
  title = "An eddy resolving model of
      circulation in the western Gulf of Alaska I.  Model
      development and sensitivity analyses",
  year = "1996",
  journal = jgr,
  pages = "1129--1149",
  volume = "101"               )

@article(Hickey00,
  author = "B.~M. Hickey and J.~M. Klinckand and M.~S. Dinniman and
    S.~E. Allen",
  title = "Numerical simulation of circulation near Astoria Canyon",
  year = "2000",
  note = "in preparation"       )

@article(Hinckley_2009,
  author = "S. Hinckley and K.~O. Coyle and G. Gibson and
    A.~J. Hermann and E.~L. Dobbins",
  title = "A biophysical NPZ model with iron for the Gulf of Alaska:
    Reproducing the differences between an oceanic HNLC ecosystem and
    a classical northern temperate shelf ecosystem",
  year = "2009",
  journal = dsr2,
  note = "in press"       )

@article(HHMHM,
  author = "E.~E. Hofmann and K. S. Hedstrom and J. R. Moisan and
    D. B. Haidvogel and D. L. Mackas",
  title = "Use of simulated drifter tracks to investigate general
    transport patterns and residence times in the coastal transition
    zone",
  journal = jgr,
  volume = "96",
  year = "1991",
  pages = "15041--15052"         )

@article(Holland_98,
  author = "W.~R. Holland and J.~C. Chow and F.~O. Bryan",
  title = "Application of a Third-Order Upwind Scheme in the NCAR
  Ocean Model",
  journal = "J. Climate",
  volume = "11",
  year = "1998",
  pages = "1487--1493"         )

@incollection(HB89,
  author = "G. Holloway and K. Brink and D. Haidvogel",
  year = "1989",
  title = "Topographic stress in coastal circulation dynamics",
  editor = "Neshyba and Mooers and Smith and Barber",
  booktitle = "Poleward Flows along Eastern Ocean Boundaries.
       Coastal and Estuarine Studies",
  volume = "34",
  publisher = "Springer--Verlag",
  address = "New York",
  note = "374 pp."               )

@article(H92,
  author = "G. Holloway",
  year = "1992",
  title = "Representing topographic stress for large--scale
       ocean models",
  journal = jpo,
  volume = "22",
  pages = "1033--1046"         )

@article(IHB95,
  author = "M. Iskandarani and D.B. Haidvogel and J.P. Boyd",
  year = "1995",
  title = "A staggered spectral element model with applications to
       the oceanic shallow water equations",
  journal = ijnmf,
  volume = "20",
  pages = "393--414"        )

@inproceedings(IZ,
  author = "D. C. Ives and R. M. Zacharias",
  title = "Conformal mapping and orthogonal grid generation",
  note = "Paper number 87-2057",
  booktitle = "AIAA/SAE/ASME/ASEE 23rd Joint Propulsion Conference",
  year = "1987",
  month = "June",
  address = "San Diego, California"           )

@article(Jackett,
  author = "D. R. Jackett and T. J. McDougall",
  title = "Stabilization of hydrographic data",
  year = "1995",
  journal = jaot,
  volume = "12",
  pages = "381--389"         )

@article(Jiang95,
  author = "L. Jiang and R.~W. Garwood",
  year = "1995",
  title = "A numerical study of three-dimensional dense water
     bottom plumes on a Southern Ocean continental slope",
  journal = jgr,
  volume = "100",
  pages = "18471--18488"              )

@phdthesis(JHJo,
  author = "Jin-Hoon Jo",
  title = "Simulations num\'{e}riques des circulations
oc\'{e}aniques
    dans la r\'{e}gion de confluence des courants du Br\'{e}sil et
des
    Malouines",
  school = "l'Universit\'{e} Joseph Fourier de Grenoble",
  year = "1992",
  month = "september"     )

@article(Kanarska2007,
  author = "Y. Kanarska and A.~F. Shchepetkin and J.~C. McWilliams",
  year = "2007",
  title = "Algorithm for non-hydrostatic dynamics in ROMS",
  journal = "Ocean Modeling",
  volume = "18",
  pages = "143--174" )

@article(Keeling_98,
  author = "R.~F. Keeling and B.~B. Stephens and R.~G. Najjar and
    S.~C. Doney and D. Archer and M. Heimann",
  title = "Seasonal variations in the atmospherice O2/N2 ratio in
    relation to kinetics of air-sea gas exchange",
  year = "1998",
  journal = gbc,
  volume = "12",
  pages = "141--163"       )

@article(KG94,
  author = "T.R. Keen and S.M. Glenn",
  year = "1994",
  title = "A coupled hydrodynamic-bottom
       boundary layer model of Ekman flow on stratified continental
       shelves",
  journal = jpo,
  volume = "24",
  pages = "1732--1749"       )

@article(KG95,
  author = "T.R. Keen and S.M. Glenn",
  year = "1995",
  title = "A coupled hydrodynamic-bottom
       boundary layer model of storm and tidal flow in the Middle
Atlantic
       Bight of North America",
  journal = jpo,
  volume = "25",
  note = "in press"           )

@book(K&R,
  author = "B. W. Kernighan and D. M. Ritchie",
  title = "The C Programming Language",
  year = "1988",
  edition = "second",
  publisher = "Prentice Hall",
  address = "Englewood Cliffs, New Jersey 07632"       )

@article(KS91,
  author = "P.D. Killworth and D. Stainforth and D.J. Webb and S.M.  Paterson",
  year = "1991",
  title = "The development of a free-surface Bryan-Cox-Semtner ocean model",
  journal = jpo,
  volume = "21",
  pages = "1333--1348"         )

@article(Kishi_2007,
  author = "M.~J. Kishi and M. Kashiwai and D.~M. Ware and B.~A. Megrey
and D.~L. Eslinger and F.~E. Werner and M. Noguchi-Aita and T. Azumaya
and M. Fujii and S. Hashimoto and D. Huang and H.  Iizumi and Y. Ishida
and S. Kang and G.~A. Kantakov and H.-C. Kim and K.  Komatsu and
V.~V. Navrotsky and S. Lan Smith and K. Tadokoro and A. Tsuda and
O. Yamamura and Y. Yamanaka and K. Yokouchi and N. Yoshie and J. Zhang
and Y.~I. Zuenko and V.~I. Zvalinsky",
  year = "2007",
  title = "NEMURO---a lower trophic level model for the North
    Pacific marine ecosystem",
  journal = "Ecological Modelling",
  volume = "2002",
  pages = "12--25"         )

@article(Klinck95,
  author = "J.~M. Klinck",
  title = "Circulation near submarine canyons: a modelling study",
  journal = jgr,
  volume = "101",
  pages = "1211--1223",
  year = "1995"   )

@article(Klinck00,
  author = "J.~M. Klinck and J. She and B.~M. Hickey",
  title = "Flow near submarine canyons driven by transient winds",
  journal = jgr,
  year = "2000",
  note = "being revised for resubmission"    )

@book{Lamb32,
        AUTHOR={H. Lamb},
        TITLE={Hydrodynamcis},
        PUBLISHER={Cambridge University Press},
        YEAR={1932},
        address={},
        edition={6},
        note={(1945 Dover Publications reproduction)},
}         

@article(Large94,
   author = "W.~G. Large and J.~C. McWilliams and S. C. Doney",
   title = "Oceanic vertical mixing: a review and a model with a
     nonlocal boundary layer parameterization",
   year = "1994",
   journal = "Rev. Geophys.",
   volume = "32",
   pages = "363--403"      )

@incollection(Large98,
  author = "W.~G. Large",
  title = "Modeling and parameterization ocean planetary
      boundary layers",
  year = "1998",
  editor = "E.~P. Chassignet and J. Verron",
  booktitle = "Ocean Modeling and Parameterization",
  publisher = "Kluwer Academic Publishers",
  pages = "81--120"         )

@article(Large_08,
   author = "W.~G. Large and S.~G. Yeager",
   title = "The global climatology of an interannually varying
   air-sea flux data set",
   year = "2009",
   journal = "Clim. Dyn.",
   volume = "33",
  pages = "341--364",
   note = "DOI 10.1007/s00382-008-0441-3"   )
,
@article(LWL93,
  author = "J.~R. Ledwell and A.~J. Wilson and C.~S. Low",
  title = "Evidence for slow mixing across the pycnocline from an
    open-ocean tracer-release experiment",
  year = "1993",
  journal = "Nature",
  volume = "364",
  pages = "701--703"        )

@article(Leonard79,
  author = "B.~P. Leonard",
  title = "A stable and accurate convective modelling procedure based
    on quadratic upstream interpolation",
  year = "1979",
  journal = "Comput. Method Appl. Mech. Eng.",
  volume = "19",
  pages = "59--98"           )

@article{Lermusiaux99,
  author = "P.~F.~J. Lermusiaux and A.~R. Robinson",
  year = "1999",
  title = "Data assimilation via Error Subspace Statistical
    Estimation. Part I: Theory and Schemes",
  journal = mwr,
  volume = "127",
  pages = "1385--1407"             }

@article{Levin_97,
  AUTHOR  = {J. Levin and M. Iskandarani and D. B. Haidvogel},
  TITLE   = {A spectral filtering procedure for eddy-resolving
             simulations with a spectral element ocean model}, 
  journal = {Journal of Computational Physics},
  year    = {1997}, 
  volume  = {137},
  number  = {1},
  PAGES   = {130--154}
}   
    
@article{Levin_99,
  AUTHOR  = {J. Levin and M. Iskandarani and D. B. Haidvogel},
  TITLE   = {A Nonconforming Spectral Element Ocean Model},
  journal = {International Journal for Numerical Methods in Fluids},
  year    = {1999}, 
  NOTE   = {submitted}
}   
    
@article(Lin97,
  author = "S.-J. Lin",
  year = "1997",
  title = "A finite volume integration method
      for computing pressure gradient force in general vertical
      coordinates",
  journal = qjrms,
  volume = 123,
  pages = "1749--1762"     )

@book(GIT2,
  author = "Jon Loeliger",
  title = "Version Control with Git",
  year = "2009",
  publisher = ora,
  edition = "first",
  address = "Sebastopol, CA"         )

@article(Lorenc86,
  author = "A.~C. Lorenc",
  year = "1986",
  title = "Analysis methods for numerical weather prediction",
  journal = qjrms,
  volume = 112,
  pages = "1177--1194"     )

@article(Lukatela,
  author = "H. Lukatela and J. Russell",
  title = "Spatial Data and the Voronoi Tessellation",
  journal = "Dr. Dobb's Journal",
  pages = "18--25",
  year = "1992",
  number = "195"            )

@unpublished(Macks93,
  author = "A. Macks and J. Middleton",
  title = "Numerical Modelling of wind-driven upwelling and
    downwelling",
  year = "1993",
  note = "University of New South Wales"          )

@article(Mailhot82,
  author = "J. Mailh{\^o}t and R. Benoit",
  title = "A finite-element model of the atmospheric boundary layer
  suitable for use with numerical weather prediction models",
  year = "1982",
  journal = jas,
  volume = "39",
  pages = "2249--2266"         )

@article(Malanotte99,
  author = "P. Malanotte-Rizzoli and K. Hedstrom and H. Arango and
    D.~B. Haidvogel",
  year = "2000",
  title = "Water mass pathways between the subtropical and tropical
    ocean in a climatological simulation of the North Atlantic ocean
    circulation",
  journal = dao,
  volume = "32",
  pages = "331--371"             )

@article(Manabe79,
  author = "S. Manabe and K. Bryan and M.~J. Spelman",
  title = "A global ocean-atmosphere climate model with seasonal
    variation for future studies of climate sensitivity",
  year = "1979",
  journal = dao,
  volume = "3",
  pages = "393--426"              )

@article(Mason2010,
  author = "E. Mason and J. Molemaker and A.~F. Shcheptkin and F. Colas
  and J.~C. McWilliams and P. Sangr{\`{a}}",
  title = "Procedures for offline grid nesting in regional ocean models",
  year = "2010",
  journal = om,
  volume = "35",
  pages = "1--15"              )

@article(Marchesiello2001,
  author = "P. Marchesiello and J.~C. McWilliams and A. Shchepetkin",
  title = "Open boundary conditions for long-term integration of
    regional oceanic models",
  year = "2001",
  journal = om,
  volume = "3",
  pages = "1--20"              )

@book(MM,
  author = "H. Margenau and G. M. Murphy",
  title = "The Mathematics of Physics and Chemistry",
  publisher = "D. Van Nostrand",
  address = "New York",
  year = "1943"        )

@article(Margolin_98,
  author = "L. Margolin and P.~K. Smolarkievicz",
  title = "Antidiffusive velocities for multipass donor cell advection",
  year = "1998",
  journal = "SIAM J. Sci. Comput.",
  pages = "907--929"         )

@article(McCalpin94,
  author = "John D. McCalpin",
  title = "A comparison of second-order and fourth-order pressure
    gradient algorithms in a $\sigma$-coordinate ocean model",
  year = "1994",
  journal = ijnmf,
  volume = "18",
  pages = "361--383"         )

@inproceedings(McCalpin95,
  author = "J.~D. McCalpin",
  year = "1995",
  title = "Stommel and Munk test cases for ocean models",
  booktitle = "Report of the ocean model test problems workshop",
  address = "Santa Fe",  
  pages = "35--44"             )

@article{Mcdougall87,
   author = {McDougall, T.~J.},
   journal = jpo,
   pages = {1950-1964},
   title = {Neutral surfaces},
   volume = {17},
   year = {1987},
   topic = {neutral surfaces mixing},
   where = {}
}

@article(McWilliams86,
   author = "J. C. McWilliams and W. B. Owens and B. L. Hua",
   title = "An objective analysis of the POLYMODE Local Dynamics
       Experiment.  Part I: general formalism and statistical model
       selection",
   year = "1986",
   journal = jpo,
   volume = "16",
   pages = "483--504"        )

@article(MN90,
  author = "J.C. McWilliams and N.J. Norton and P.R. Gent and D.B. Haidvogel",
  year = "1990",
  title = "A linear balance model of the wind-driven ocean
       circulation",
  journal = jpo,
  volume = "20",
  pages = "1349--1378"                   )

@article(Mellor74,
  author = "G.~L. Mellor and T. Yamada",
  title = "A hierarchy of turbulence closure models for planetary
    boundary layers",
  journal = jas,
  year = "1974",
  pages = "1791--1806",
  volume = "31"               )

@article(Mellor82,
  author = "G.~L. Mellor and T. Yamada",
  title = "Development of a turbulence closure model for geophysical
    fluid problems",
  year = "1982",
  journal = "Rev. Geophys. Space Phys.",
  volume = "20",
  pages = "851--875"           )

@article(Mellor_2003,
  author = "G.~L. Mellor",
  title = "The three-dimensional current and surface wave equations",
  year = "2003",
  journal = jpo,
  volume = "33",
  pages = "1978--1989"           )

@article(Mellor_2005,
  author = "G.~L. Mellor",
  title = "Some consequences of the three-dimensional currents and
  surface wave equation",
  year = "2005",
  journal = jpo,
  volume = "35",
  pages = "2291--2298"           )

@article(Mellor_2008,
  author = "G.~L. Mellor",
  title = "The depth-dependent current and wave
    interaction equations: a revision",
  year = "2008",
  journal = jpo,
  volume = "38",
  pages = "2586--2596"           )

@techreport(Mesinger76,
  author = "F. Mesinger and A. Arakawa",
  title = "Numberical methods used in atmosphereic models",
  address = "Geneva",
  year = "1976",
  institution = "GARP report",
  number = "17"         )

@article(Mesin,
  author = "F. Mesinger",
  title = "On the convergence and error problems of the calculation
  of the pressure gradient force in sigma coordinate models",
  journal = gafd,
  volume = "19",
  pages = "105-117"              )

@article(Mesinger,
  author = "F. Mesinger",
  title = "On the convergence and error problems of the calculation
    of the pressure gradient force in sigma coordinate models",
  journal = gafd,
  volume = "19",
  year = "1982",
  pages = "1105--1117"     )

@article(Milliff90,
  author = "R. F. Milliff",
  title = "A modified capacitance matrix method to implement coastal
    boundaries in the Harvard open ocean model",
  journal = "Mathematics and Computers in Simulation",
  year = "1990",
  volume = "31",
  pages = "541--564"      )

@article(Munk50,
  author = "W. Munk",
  year = "1950",
  title = "On the wind-driven ocean circulation",
  journal = "J. Meteorol.",
  volume = "7",
  pages = "79--93"                )

@manual(NCARG,
  title = "NCAR graphics user's guide, version 2.0",
  author = "F. Clare and D. Kennison and R. Lackman",
  organization = "National Center for Atmospheric Research",
  month = "August",
  address = "Boulder, Colorado",
  year = "1987"                  )

@manual(NCARG3,
  title = "NCAR graphics guide to new utilities, version 3.00",
  author = "F. Clare and D. Kennison",
  organization = "National Center for Atmospheric Research",
  month = "October",
  address = "Boulder, Colorado",
  year = "1989"                  )

@book(GMAKE,
  author = "R. Mechlenburg",
  title = "Managing Projects with GNU Make",
  publisher = ora,
  address = "Sebastopol, CA",
  year = "2005"       )

@article(Oost_2002,
  author = "W.~A. Oost and G.~J. Komen and C.~M.~J. Jacobs and C. van
    Oort",
  title = "New evidence for a relation between wind stress and wave age
    from measurements during ASGAMAGE",
  journal = "Bound.-Layer Meteor.",
  year = "2002",
  volume = "103",
  pages = "409--438"                 )

@book(MAKE,
  author = "A. Oram and S. Talbott",
  title = "Managing Projects with make",
  publisher = ora,
  address = "Sebastopol, CA",
  year = "1991"       )

@article(Orlanski76,
  author = "I. Orlanski",
  title = "A simple boundary condition for unbounded hyperbolic
    flows",
  journal = jcp,
  year = "1976",
  volume = "21",
  number = "3",
  month = "July",
  pages = "251--269"                 )

@article(Pacanowski81,
   author = "R.~C. Pacanowski and G.~H. Philander",
   title = "Parameterization of
     vertical mixing in numerical models of tropical oceans",
   year = "1981",
   journal = jpo,
   volume = "11",
   pages = "1443--1451"        )

@book(P87,
  author = "J. Pedlosky",
  year = "1994",
  title = "Geophysical Fluid Dynamics",
  publisher = "Springer",
  address = "New York, NY, USA",
  note = "710 pp."                   )

@article(Penven2006,
   author = "P. Penven and L. Debreu and P. Marchesiello and J.~C.
     McWilliams",
   title = "Evaluation and application of the ROMS 1-way embedding
     procedure to the central California upwelling system",
   year = "2006",
   journal = "Ocean Modeling",
   volume = "12",
   pages = "157--187"        )

@article{Perenne99,
  AUTHOR  = {N. Perenne and Dale B. Haidvogel and D.L. Boyer},
  TITLE   = {Laboratory-numerical model comparisons of flow over a
             coastal canyon},
  YEAR    = {1999},
  journal = jaot,
  NOTE  = {Submitted},
}

@article(Peters88,
  author = "H. Peters and M.~C. Gregg and J.~M. Toole",
  title = "On the parameterization of equatorial turbulence",
  year = "1988",
  journal = jgr,
  volume = "93",
  pages = "1199--1218"             )

@article(Petrik_2014,
  author = "C.~M. Petrik and J.~T. Duffy-Anderson and F. Meuter and
  K.~S. Hedstrom and E.~N. Curchitser",
  title = "Biophysical transport model suggests climate variability
  determines distribution of Walleye Pollock early life stages in
  the Eastern Bering Sea through effects on spawning",
  year = "2014",
  journal = "Prog. Oceanogr.",
  doi = "10.1016/j.pocean.2014.06.004"             )

@article(Phil,
  author = "N. A. Phillips",
  title = "A coordinate system having some special advantages for
  numerical forecasting",
  journal = "J. Meteorology",
  volume = "14",
  number = "2",
  pages = "184--185",
  year = "1957"                     )

@article(Powell_2006,
  author = "T.~M. Powell and C.~V.~W. Lewis and E.~N. Curchitser and
  D.~B. Haidvogel and A.~J. Hermann and E.~L. Dobbins",
  title = "Results from a three-dimensional, nested
  biological-physical model of the California Current System and
  comparisons with statistics from satellite imagery",
  journal = jgr,
  volume = "111",
  number = "C07018",
  doi = "10.1029/2004JC002506",
  year = "2006"                     )

@book(PFTV,
  author = "W.~H. Press and B.~P. Flannery and S.~A. Teukolsky and 
     W.~T. Vetterling",
  title = "Numerical Recipes, The Art of Scientific Computing",
  publisher = "Cambridge University Press",
  year = "1986"               )

@article(Price86,
  author = "J.~F. Price and R.~A. Weller and R. Pinkel",
  year = "1986",
  title = "Diurnal cycling:
     Observations and models of the upper ocean response to diurnal
     heating, cooling, and wind mixing",
  journal = jgr,
  volume = "91",
  pages = "8411--8427"      )

@article(Price94,
  author = "J.~F. Price and M. O'Neil Baringer",
  year = "1994",
  title = "Outflows and deep water
    productions by marginal seas",
  journal = "Prog.  Oceanogr.",
  volume = "33",
  pages = "161--200"                      )

@phdthesis(Pringle98,
  author = "J.~M. Pringle",
  school = "M.I.T./Woods~Hole Joint Program",
  title = "Cooling and Internal waves on the Continental Shelf",
  year = "1998"            )
    
@article(Pringle99,
  author = "J.~M. Pringle",
  year = "1999",
  note = "In revision",
  title = "Cross-Shelf Eddy Heat Transport and the Steady State of a
    Wind-Free Coastal Ocean Undergoing Winter Time Cooling",
  journal = jgr    )

@book(Pro_Git,
  author = "S. Chacon and B. Straub",
  title= "Pro Git",
  publisher = "Apress",
  isbn = "978-1484200773",
  note = "https://progit.org/",
  edition = "second",
  year = "2014"        )

@article(Rasch94,
  author = "P.~J. Rasch",
  title = "Conservative shape-preserving two-dimensional transport on a
    spherical reduced grid",
  year = "1994",
  journal = mwr,
  volume = "122",
  pages = "1337--1350"      )

@manual(netCDF,
   author = "R. Rew and G. Davis and S. Emmerson and H. Davies",
   year = "1996",
   title = "NetCDF User's Guide",
   note = "Version 2.4",
   organization = "Unidata, University Corporation for Atmospheric
       Research",
   address = "Boulder, Colorado"       )

@manual(netCDF3,
   author = "R. Rew and G. Davis and S. Emmerson and H. Davies",
   year = "1997",
   title = "NetCDF User's Guide for FORTRAN",
   note = "Version 3",
   organization = "Unidata, University Corporation for Atmospheric
       Research",
   address = "Boulder, Colorado"       )

@article(Raymond84,
   author = "W.~H. Raymond and H.~L. Kuo",
   title = "A radiation boundary condition for multi-dimensional flows",
   year = "1984",
   journal = "Quart. J. R. Met. Soc.",
   volume = "110",
   pages = "535--551"           )

@book(Richtmeyer,
   author = "R.~D. Richtmeyer and K.~W. Morton",
   year = "1967",
   title = "Difference Methods for Initial-Value Problems",
   edition = "Second",
   publisher = "Interscience Publishers,
	   J. Wiley and Sons",
   address = "New York, New York"     )

@article(Rienecker_2011,
   author = "M.~M. Rienecker and M.~J. Suarez and R. Gelaro and R.
     Todling and J. Bacmeister and E. Liu and M.~G. Bosilovich and S.~D.
     Schubert and L. Takacs and G.-K. Kim and S.  Bloom and J. Chen and
     D. Collins and A. Conaty and A. da Silva",
   year = "2011",
   title = "MERRA: NASA's Modern-Era Retrospective Analysis for
      Research and Applications",
   journal = "J. Climate",
   volume = "24",
   pages = "3624--3648",
   doi = "10.1175/JCLI-D-11-00015.1"     )

@article(Rood87,
  author = "R.~B. Rood",
  year = "1987",
  title = "Numerical advection algorithms and their role in 
      atmospheric transport and chemistry models",
  journal = "Rev. Geophys.",
  volume = "25",
  pages = "71--100"                   )

@incollection(Sadourny_97,
  author = "R. Sadourny and K. Maynard",
  year = "1997",
  title = "Formulations of lateral diffusion in geophysical fluid
    dynamics models",
  booktitle = "Numerical Methods of Atmospheric and Oceanic Modelling",
  editor = "C.A. Lin and R. Laprise and H. Ritchie",
  publisher = "NRC Research Press",
  pages = "547--556"                   )

@book(perl2,
  author = "R. L. Schwartz",
  title = "Learning perl",
  year = "1993",
  publisher = ora,
  note = "the llama book",
  address = "Sebastopol, CA"         )

@article(Shap,
  author = "Ralph Shapiro",
  title = "Smoothing, filtering, and boundary effects",
  journal = rgsp,
  volume = "8",
  number = "2",
  year = "1970",
  pages = "359--387"         )

@article(PTShaw91,
  author = "P.-T. Shaw and S. Divakar",
  year = "1991",
  title = "Generation of topographic waves over the continental margin",
  journal = jpo,
  pages = "1032--1042",
  volume = "21",
  year = "1991"                )

@article(PTShaw92,
  author = "P.-T. Shaw",
  year = "1992",
  title = "A numerical simulation of the evolution and propagation
    of gulf stream warm-core rings",
  journal = jpo,
  note = "submitted"             )

@article(SS98,
  author = "A.~F. Shchepetkin and J.~C. McWilliams",
  year = "1998",
  title = "Quasi-monotone advection schemes based on explicit
     locally adaptive dissipation",
  journal = mwr,
  volume = "126",
  pages = "1541--1580"              )

@article(SS2000,
  author = "A.~F. Shchepetkin and J.~C. McWilliams",
  year = "2000",
  title = "A method for computing horizontal pressure-gradient force
    in an oceanic model with a nonaligned vertical coordinate",
  journal = jgr,
  volume = "108",
  doi = "10.1029/2001JC001047")

@article(SS2003,
  author = "A.~F. Shchepetkin and J.~C. McWilliams",
  year = "2003",
  title = "A method for computing horizontal pressure-gradient force
    in an oceanic model with a nonaligned vertical coordinate",
  journal = jgr,
  volume = "108",
  pages = "1--34",
  doi = "10.1029/2001JC001047")

@article(SS2005,
  author = "A.~F. Shchepetkin and J.~C. McWilliams",
  year = "2005",
  title = "The Regional Ocean Modeling System (ROMS): A split-explicit,
     free-surface, topography-following coordinates oceanic model",
  journal = "Ocean Modeling",
  volume = "9",
  pages = "347--404" )

@article(SS2008a,
  author = "A.~F. Shchepetkin and J.~C. McWilliams",
  year = "2009",
  title = "A Correction note for ``Ocean forecasting in
    terrain-following coordinates: formulation and skill assessment of
    the Regional Ocean Modeling System''",
  journal = jcp,
  volume = "228",
  pages = "8985--9000")

@incollection(SS2008b,
  author = "A.~F. Shchepetkin and J.~C. McWilliams",
  year = "2009",
  title = "Computational kernel algorithms for fine-scale,
    multi-process, long-time oceanic simulations",
  booktitle = "Handbook of Numerical Analysis: Computational Methods
    for the Ocean and the Atmosphere",
  editor = "R. Temam and J. Tribbia",
  publisher = "Elsevier Science",
  volume = "14",
  pages = "121--183")

@article(SS2008c,
  author = "A.~F. Shchepetkin and J.~C. McWilliams",
  year = "2011",
  title = "An accurate Boussinesq oceanic model with a practical,
  ``stiffened'' equation of state",
  journal = "Ocean Modeling",
  volume = "38",
  pages = "41--70")

@article(She00,
  author = "J. She and J.~M. Klinck",
  title = "Flow near submarine canyons driven by constant winds",
  journal = jgr,
  year = "2000",
  note = "revised and resubmitted"     )

@article(S63,
  author = "J. Smagorinsky",
  year = "1963",
  title = "General circulation experiments
      with the primitive equations. I. The basic experiment",
  journal = mwr,
  volume = "91",
  pages = "99--164"                )

@article(Smolark83,
   author = "P.~K. Smolarkiewicz",
   title = "A simple positive definite advection
      scheme with small implicit diffusion",
   year = "1983",
   journal = mwr,
   volume = "111",
   pages = "479--486"           )

@article(Smolark84,
   author = "P.~K. Smolarkiewicz",
   title = "A fully  multidimensional positive definite  advection
      transport algorithm  with small implicit diffusion",
   year = "1984",
   journal = jcp,
   volume = "54",
   pages = "325--362"           )

@article(Smolark86,
   author = "P.~K. Smolarkiewicz and T.~L. Clark",
   title = "The  multidimensional positive definite  advection
      transport algorithm: further development and applications",
   year = "1986",
   journal = jcp,
   volume = "67",
   pages = "396--438"           )

@article{Smolark90,
   author = "P.~K. Smolarkiewicz and W.~W. Grabowski",
   title = "The multidimensional positive definite advection transport
      algorithm: non-oscillatory option",
   year = "1990",
   journal = jcp,
   volume = "86",
   pages = "355--375"       }

@article{Smolark93,
   author = "P.~K. Smolarkiewicz and L.~G. Margolin",
   title = "On forward-in-time differencing for fluids: extension to a
      curvilinear framework",
   journal = mwr,
   year = "1993",
   volume = "121",
   pages = "1847--1859"         }

@article(Song94,
  author = "Y. Song and D. B. Haidvogel",
  title = "A semi-implicit ocean circulation model using a
    generalized topography-following coordinate system",
  year = "1994",
  journal = jcp,
  volume = "115",
  number = "1",
  pages = "228--244"               )

@article(Song98,
  author = "Y. Song",
  year = "1998",
  title = "A general pressure gradient formulation for ocean models.
     Part I: Scheme design and diagnostic analysis",
  journal = mwr,
  volume = "126",
  pages = "3213--3230"            )

@article(Song98a,
  author = "Y. Song and D. G. Wright",
  year = "1998",
  title = "A general pressure gradient formulation for ocean models.
     Part II: Energy, momentum and bottom torque consistency",
  journal = mwr,
  volume = "126",
  pages = "3213--3230"            )

@article(Stabeno93,
  author = "P. J. Stabeno and A. J. Hermann and N. A. Bond and S. J.
    Bograd",
  title = "Modeling the possible impact of climate change on the
    survival of larval walleye pollock in the Gulf of Alaska",
  journal = "Canadian Journal of Fisheries and Aquatic Sciences",
  year = "1993",
  note = "submitted"              )

@article(Stabeno96,
  author = "P. J. Stabeno and A. J. Hermann",
  title = "An eddy resolving model of
      circulation in the western Gulf of Alaska II.
      Comparison of results to oceanographic observations",
  year = "1996",
  journal = jgr,
  pages = "1151--1161",
  volume = "101"               )

@book(STE,
  author = "J. A. Steers",
  title = "An Introduction to the Study of Map Projections",
  publisher = "University of London Press",
  year = "1962"         )

@article(Stigebrandt84,
  author = "A. Stigebrandt",
  title = "The North Pacific: A global-scale estuary",
  journal = jpo,
  year = "1984",
  pages = "464--470",
  volume = "14"               )

@article(Stock_2014,
  author = "C.~A. Stock and J.~P. Dunne and J.~G. John",
  title = "Global-scale carbon and energy flows through the marine
  planktonic food web: An analysis with a coupled physical-biological
  model",
  journal = "Prog. Oceanogr.",
  year = "2014",
  pages = "1--28",
  volume = "120",
  doi = "10.1016/j.pocean.2013.07.001")

@article(Stommel48,
  author = "H. Stommel",
  year = "1948",
  title = "The westward intensification of wind-driven ocean
      currents",
  journal = "Trans. Amer. Geophys. Un.",
  volume = "29",
  pages = "202--206"                    )

@inproceedings(Styles96,
   author = "R. Styles and S. M. Glenn",
   title = "Observation and modeling of
     sediment transport events in the Middle Atlantic Bight",
   booktitle = "8th International conference on Physics of estuaries
     and coastal seas",
   note = "submitted",
   year = "1996"         )

@article(Styles99,
  author = "R. Styles and S.~M. Glenn",
  year = "1999",
  title = "A generalized method for computing bottom shear stress
     in combined wave and curent flows",
  notes = "To be submitted.",
  journal = jaot         )

@article(Sverdrup47,
  author = "H.~U. Sverdrup",
  year = "1947",
  title = "Wind-driven currents in a baroclinic ocean, with  
      application to the equatorial currents of the Eastern Pacific",
  journal = "Proc.  Nat.  Acad.  Sci.",
  volume = "33",
  pages = "318--326"         )

@manual(SS,
  author = "P. Swartztrauber and R. Sweet",
  title = "Efficient fortran subprograms for the solution of
    elliptic partial differential equations",
  year = "1975",
  month = "July",
  organization = "National Center for Atmospheric Research",
  address = "Boulder, Colorado"              )

@book(GIT1,
  author = "Travis Swicegood",
  title = "Pragmatic Version Control Using Git",
  year = "2008",
  publisher = "Pragmatic Bookshelf",
  edition = "first",
  address = "Raleigh, North Carolina and Dallas, Texas"         )

@article(Tag79,
  author = "P. Tag",
  year = "1979",
  title = "A comparison of several forms of eddy
     viscosity parameterization in a two-dimensional cloud model",
  journal = jam,
  volume = "18",
  pages = "1429--1441"            )

@article{Taylor_97,
  AUTHOR  = {M. Taylor and J. Tribbia and M. Iskandarani},
  TITLE   = {The spectral element method for the shallow 
             water equations on the sphere},
  JOURNAL = {Journal of Computational Physics},
  YEAR    = {1997}, 
  VOLUME  = {130},
  NUMBER  = {1},
  PAGES   = {92--108}
}   
@article{Taylor_2001,
  AUTHOR  = {P.~K. Taylor and M.~A. Yelland},
  TITLE   = {The dependence of sea surface roughness on the height and
    steepness of the waves},
  JOURNAL = jpo,
  YEAR    = {2001}, 
  VOLUME  = {31},
  PAGES   = {572--590}
}   

@article(Thuburn96,
  author = "J. Thuburn",
  title = "Multidimensional flux-limited advection schemes",
  year = "1996",
  journal = jcp,
  volume = "123",
  pages = "74--83"           )

@article(TM86,
  author = "I.~B. Troen and L. Mahrt",
  title = "A simple model of the atmospheric boundary layer;
    sensitivity to surface evaporation",
  year = "1986",
  journal = "Boundary-Layer Meteor.",
  volume = "37",
  pages = "129--148"             )

@article(Umlauf2003,
  author = "L. Umlauf and H. Burchard",
  title = "A generic length-scale equation for geophysical
     turbulence models",
  journal = jmr,
  volume = "61",
  pages = "235--265",
  year = "2003"                      )

@article(Umlauf2005,
  author = "L. Umlauf and H. Burchard",
  title = "Second-order turbulence closure models for geophysical
  boundary layers. A review of recent work",
  journal = csr,
  volume = "25",
  pages = "795--827",
  year = "2005"                      )

@article(Verron96,
  author = "J. Verron and E. Blayo",
  year = "1996",
  title = "The no-slip condition and separation of
      western boundary currents",
  journal = jpo,
  volume = "26",  
  pages = "1938--1951"            )

@article(Wajsowicz_93,
  author = "R. C. Wajsowicz",
  year = "1993",
  title = "A consistent formulation of the anisotropic stress tensor
     for use in models of the large-scale ocean circulation",
  journal = jcp,
  volume = "105",  
  pages = "333--338"            )

@book(perl1,
  author = "L. Wall and T. Christiansen and R. L. Schwartz",
  title = "Programming perl",
  year = "1996",
  publisher = ora,
  note = "the camel book",
  edition = "second",
  address = "Sebastopol, CA"         )

@article(Wang84,
  author = "D.-P. Wang",
  year = "1984",
  title = "Mutual intrusion of a gravity current and density
      front formation",
  journal = jpo,
  volume = "14",
  pages = "1191--1199"                 )

@article(Warner_2005,
  author = "J.~C. Warner and C.~R. Sherwood and H.~G. Arango and
    R.~P. Signell",
  year = "2005",
  title = "Performance of four turbulence closure models
     implemented using a generic length scale method",
  journal = "Ocean Modelling",
  volume = "8",
  pages = "81--113"                 )

@article(Warner_2008,
  author = "J.~C. Warner and C.~R. Sherwood and R.~P. Signell and
    C.~K. Harris and H.~G. Arango",
  year = "2008",
  title = "Development of a three-dimensional, regional,
     coupled wave, current, and sediment-transport model",
  journal = "Computers \& Geosciences",
  volume = "34",
  pages = "1284--1306"                 )

@article(Webb_98,
  author = "D.~J. Webb and B.~A. De Cuevas and C.~S. Richmond",
  year = "1998",
  title = "Improved Advection Schemes for Ocean Models",
  journal = jaot,
  volume = "15",
  pages = "1171--1187"                 )

@article(White75,
  author = "W.~B. White and N.~E. Clark",
  title = "On the development of blocking ridge activity over
    the central North Pacific",
  journal = jas,
  year = "1975",
  pages = "489-502",
  volume = "32"               )

@article(Wijffels92,
  author = "S.~E. Wijffels and R.W. Schmitt and H.L. Bryden
    and A. Stigebrandt",
  title = "Transport of freshwater by the oceans",
  journal = jpo,
  year = "1992",
  pages = "155-162",
  volume = "22"               )

@article(JWilkin90,
  author = "J.~L. Wilkin and D.~C. Chapman",
  title = "Scattering of coastal-trapped waves by irregularities in
    coastline and topography",
  year = "1990",
  journal = jpo,
  volume = "20",
  pages = "396--421"               )

@unpublished(GRIDS,
  title = "User's manual for an orthogonal curvilinear grid-generation
    package",
  author = "J. Wilkin and K. Hedstrom",
  note = "Institute for Naval Oceanography",
  address = "Stennis Space Center, Mississippi",
  year = "1991"                  )

@article(JWilkin93,
  author = "J.~L. Wilkin and J. Mansbridge and K.~S. Hedstrom",
  title = "An application of the capacitance matrix  method to
    accomodate masked land areas and island circulations in a
    primitive equation ocean model",
  year = "1995",
  journal = ijnmf,
  volume = "20",
  pages = "649--662"        )

@article(W88,
  author = "R.A. Wood",
  year = "1988",
  title = "Unstable waves on an oceanic front: large
       amplitude behavior and mean flow generation",
  journal = jpo,
  volume = "18",
  pages = "775--787"               )

@article(Wunsch_97,
  author  = "C. Wunsch and D. B. Haidvogel and M. Iskandarani and 
             R. Hughes",
  title   = "Dynamics of the Long-Period Tides",
  journal = po,
  volume  = "40",
  number  = "1/4",
  pages   = "80--108",
  year    = "1997"    )

@article(Xiu_2014,
  author = "P. Xiu and F. Chai",
  year = "2014",
  title = "Connections between physical, optical
        and biogeochemical processes in the Pacific Ocean",
  journal = po,
  volume = "122",
  pages = "30--53",
  doi = "10.1016/j.pocean.2013.11.008"    )

@article(Xiu_2012,
  author = "P. Xiu and F. Chai",
  year = "2012",
  title = "Spatial and temporal variability in phytoplankton carbon,
      chlorophyll, and nitrogen in the North Pacific",
  journal = jgr,
  volume = "117",
  doi = "10.1029/2012JC008067"    )
